<marc:collection xmlns:marc="http://www.loc.gov/MARC21/slim" xmlns:xsi="http://www.w3.org/2001/XMLSchema-instance" xsi:schemaLocation="http://www.loc.gov/MARC21/slim http://www.loc.gov/standards/marcxml/schema/MARC21slim.xsd">
    <marc:record type="Bibliographic">
        <marc:leader>00965cfm a2200265 a 4500</marc:leader>
        <marc:controlfield tag="001">5516169</marc:controlfield>
        <marc:controlfield tag="005">20111013100341.0</marc:controlfield>
        <marc:controlfield tag="007">aj canzn</marc:controlfield>
        <marc:controlfield tag="008">080703s1905    nju       a     0   eng  </marc:controlfield>
        <marc:datafield tag="024" ind1="0" ind2=" ">
            <marc:subfield code="a">HM 2012-9</marc:subfield>
        </marc:datafield>
        <marc:datafield tag="040" ind1=" " ind2=" ">
            <marc:subfield code="a">NjP</marc:subfield>
            <marc:subfield code="c">NjP</marc:subfield>
        </marc:datafield>
        <marc:datafield tag="034" ind1="1" ind2=" ">
            <marc:subfield code="a">a</marc:subfield>
            <marc:subfield code="b">4800</marc:subfield>
        </marc:datafield>
        <marc:datafield tag="043" ind1=" " ind2=" ">
            <marc:subfield code="a">n-us-nj</marc:subfield>
        </marc:datafield>
        <marc:datafield tag="245" ind1="1" ind2="0">
            <marc:subfield code="a">Properties west of Princeton</marc:subfield>
            <marc:subfield code="h">[map].</marc:subfield>
        </marc:datafield>
        <marc:datafield tag="255" ind1=" " ind2=" ">
            <marc:subfield code="a">Scale [ca. 1:4,800]. 400 ft.=1 inch.</marc:subfield>
        </marc:datafield>
        <marc:datafield tag="260" ind1=" " ind2=" ">
            <marc:subfield code="a">[Princeton, N.J.? :</marc:subfield>
            <marc:subfield code="b">s.n.,</marc:subfield>
            <marc:subfield code="c">ca. 1905]</marc:subfield>
        </marc:datafield>
        <marc:datafield tag="300" ind1=" " ind2=" ">
            <marc:subfield code="a">1 map :</marc:subfield>
            <marc:subfield code="b">hand col., mounted on cloth ;</marc:subfield>
            <marc:subfield code="c">51 x 76 cm.</marc:subfield>
        </marc:datafield>
        <marc:datafield tag="500" ind1=" " ind2=" ">
            <marc:subfield code="a">In upper margin: Plate 24.</marc:subfield>
        </marc:datafield>
        <marc:datafield tag="500" ind1=" " ind2=" ">
            <marc:subfield code="a">Map shows properties of Junius S. Morgan, A.D. Russell, Henry B. Owsley, M. Taylor Pyne and others.</marc:subfield>
        </marc:datafield>
        <marc:datafield tag="650" ind1=" " ind2="0">
            <marc:subfield code="a">Real property</marc:subfield>
            <marc:subfield code="z">New Jersey</marc:subfield>
            <marc:subfield code="z">Princeton</marc:subfield>
            <marc:subfield code="v">Maps.</marc:subfield>
        </marc:datafield>
        <marc:datafield tag="651" ind1=" " ind2="0">
            <marc:subfield code="a">Princeton, N.J.</marc:subfield>
            <marc:subfield code="v">Maps, Manuscript.</marc:subfield>
        </marc:datafield>
        <marc:datafield tag="655" ind1=" " ind2="7">
            <marc:subfield code="a">Maps</marc:subfield>
            <marc:subfield code="z">New Jersey</marc:subfield>
            <marc:subfield code="z">Princeton</marc:subfield>
            <marc:subfield code="y">1905.</marc:subfield>
            <marc:subfield code="2">aat</marc:subfield>
        </marc:datafield>
        <marc:datafield tag="856" ind1="4" ind2="1">
            <marc:subfield code="z">See the map (copy 1)</marc:subfield>
            <marc:subfield code="u">http://gisserver.princeton.edu/map/14868</marc:subfield>
        </marc:datafield>
        <marc:datafield tag="904" ind1=" " ind2=" ">
            <marc:subfield code="a">gls</marc:subfield>
            <marc:subfield code="b">g</marc:subfield>
            <marc:subfield code="h">n</marc:subfield>
            <marc:subfield code="c">p</marc:subfield>
            <marc:subfield code="e">20080703</marc:subfield>
        </marc:datafield>
        <marc:datafield tag="902" ind1=" " ind2=" ">
            <marc:subfield code="a">gls</marc:subfield>
            <marc:subfield code="b">o</marc:subfield>
            <marc:subfield code="6">f</marc:subfield>
            <marc:subfield code="7">m</marc:subfield>
            <marc:subfield code="d">v</marc:subfield>
            <marc:subfield code="f">1</marc:subfield>
            <marc:subfield code="e">20080703</marc:subfield>
        </marc:datafield>
    </marc:record>
    <marc:record type="Holdings">
        <marc:leader>00172nx  a22000851  4500</marc:leader>
        <marc:controlfield tag="001">5652737</marc:controlfield>
        <marc:controlfield tag="004">5516169</marc:controlfield>
        <marc:controlfield tag="005">20080703145042.0</marc:controlfield>
        <marc:controlfield tag="008">0807034u    8   1001uu   0901128</marc:controlfield>
        <marc:datafield tag="852" ind1="8" ind2=" ">
            <marc:subfield code="b">map</marc:subfield>
            <marc:subfield code="h">HMC01.1958</marc:subfield>
        </marc:datafield>
    </marc:record>
    <marc:record type="Holdings">
        <marc:leader>00182nx  a22000854  4500</marc:leader>
        <marc:controlfield tag="001">7315935</marc:controlfield>
        <marc:controlfield tag="004">5516169</marc:controlfield>
        <marc:controlfield tag="005">20130513144136.0</marc:controlfield>
        <marc:controlfield tag="008">1305134u    8   1001uu   0901128</marc:controlfield>
        <marc:datafield tag="852" ind1="8" ind2=" ">
            <marc:subfield code="b">elf1</marc:subfield>
            <marc:subfield code="h">Electronic Resource</marc:subfield>
        </marc:datafield>
    </marc:record>
</marc:collection>
